<record><leader>00000cas a22000007a 4500</leader><controlfield tag="001">17737801</controlfield><controlfield tag="008">880405d18531855ohuwr ne      0    0eng d</controlfield><datafield ind1=" " ind2=" " tag="010"><subfield code="a">sn 88077323 </subfield></datafield><datafield ind1=" " ind2=" " tag="040"><subfield code="a">ONP</subfield><subfield code="b">eng</subfield><subfield code="c">ONP</subfield><subfield code="d">OCLCQ</subfield></datafield><datafield ind1=" " ind2=" " tag="042"><subfield code="a">msc</subfield></datafield><datafield ind1="0" ind2=" " tag="130"><subfield code="a">Middletown herald (Middletown, Ohio)</subfield></datafield><datafield ind1="1" ind2="0" tag="245"><subfield code="a">Middletown herald.</subfield></datafield><datafield ind1=" " ind2=" " tag="260"><subfield code="a">Middletown, Butler County, Ohio :</subfield><subfield code="b">J.D. Jackson</subfield></datafield><datafield ind1=" " ind2=" " tag="310"><subfield code="a">Weekly</subfield></datafield><datafield ind1="1" ind2=" " tag="362"><subfield code="a">Began in June 1853; ceased in Jan. 1855?</subfield></datafield><datafield ind1=" " ind2=" " tag="588"><subfield code="a">Description based on: Vol. 3, no. 2 (July 1, 1853).</subfield></datafield><datafield ind1=" " ind2=" " tag="752"><subfield code="a">United States</subfield><subfield code="b">Ohio</subfield><subfield code="c">Butler</subfield><subfield code="d">Middletown.</subfield></datafield><datafield ind1="0" ind2="0" tag="780"><subfield code="t">Middletown emblem</subfield><subfield code="w">(DLC)sn 85026154</subfield></datafield></record>